<?xml version = "1.0" encoding = "UTF-8"?><record>
  <leader>00954nam#a2200241#c#4500</leader>
  <controlfield tag="005">20210407123213.0</controlfield>
  <controlfield tag="007">tu</controlfield>
  <controlfield tag="008">840831|1976####xx############|||#|#####c</controlfield>
  <controlfield tag="003">DE-605</controlfield>
  <controlfield tag="001">990002544770206441</controlfield>
  <datafield tag="020" ind1=" " ind2=" ">
    <subfield code="a">3209001731</subfield>
    <subfield code="9">3-209-00173-1</subfield>
    <subfield code="0">(uri) http://www.isbnsearch.org/isbn/3209001731</subfield>
  </datafield>
  <datafield tag="035" ind1=" " ind2=" ">
    <subfield code="a">(DE-605)HT000290078</subfield>
  </datafield>
  <datafield tag="040" ind1=" " ind2=" ">
    <subfield code="a">HBZ/Off</subfield>
    <subfield code="b">ger</subfield>
    <subfield code="d">290</subfield>
    <subfield code="e">rakwb</subfield>
  </datafield>
  <datafield tag="245" ind1="0" ind2="0">
    <subfield code="a">NEUE GRAMMATIK IM DEUTSCHUNTERRICHT FUER 10 - 15JAEHRIGE</subfield>
    <subfield code="b">E. HANDBUCH FUER D. LEHRER ; FACHLICHE ANREGUNGEN U. PRAKTISCHE BEISPIELE MIT VERWENDUNG D. SATZFIGUREN</subfield>
    <subfield code="c">VERF. VON E. ARBEITSGEMEINSCHAFT IM RAHMEN D. OESTERR. VERSUCHSSCHULWESENS: JOHANN AIGNER .</subfield>
  </datafield>
  <datafield tag="246" ind1="3" ind2=" ">
    <subfield code="a">NEUE GRAMMATIK IM DEUTSCHUNTERRICHT FUER- ZEHN- BIS FUENFZEHNJAEHRIGE</subfield>
  </datafield>
  <datafield tag="264" ind1=" " ind2="1">
    <subfield code="a">WIEN</subfield>
    <subfield code="b">HOELDER-PICHLER-TEMPSKY</subfield>
    <subfield code="a">GRAZ</subfield>
    <subfield code="b">LEYKAM</subfield>
    <subfield code="c">1976</subfield>
  </datafield>
  <datafield tag="300" ind1=" " ind2=" ">
    <subfield code="a">X, 99 S. : GRAPH. DARST.</subfield>
  </datafield>
  <datafield tag="700" ind1="1" ind2=" ">
    <subfield code="a">Aigner, Johann</subfield>
    <subfield code="4">oth</subfield>
  </datafield>
  <datafield tag="960" ind1="1" ind2=" ">
    <subfield code="b">mbalt</subfield>
  </datafield>
  <datafield tag="964" ind1="0" ind2="s">
    <subfield code="F">030</subfield>
    <subfield code="A">a|1uc||||||35</subfield>
  </datafield>
  <datafield tag="964" ind1="0" ind2="s">
    <subfield code="F">050</subfield>
    <subfield code="A">a|||||||||||||</subfield>
  </datafield>
  <datafield tag="964" ind1="0" ind2="s">
    <subfield code="F">051</subfield>
    <subfield code="A">m|||||||</subfield>
  </datafield>
  <datafield tag="035" ind1=" " ind2=" ">
    <subfield code="a">(DE-599)HBZHT000290078</subfield>
  </datafield>
  <datafield tag="MBD" ind1=" " ind2=" ">
    <subfield code="M">49HBZ_NETWORK</subfield>
    <subfield code="i">990002544770206441</subfield>
    <subfield code="n">HBZ Network</subfield>
  </datafield>
  <datafield tag="MBD" ind1=" " ind2=" ">
    <subfield code="M">49HBZ_UBD</subfield>
    <subfield code="i">991001612349706445</subfield>
    <subfield code="n">UB Dortmund</subfield>
  </datafield>
  <datafield tag="020" ind1=" " ind2=" ">
    <subfield code="a">3209001731</subfield>
    <subfield code="9">3-209-00173-1</subfield>
    <subfield code="M">49HBZ_UBD</subfield>
  </datafield>
  <datafield tag="980" ind1="1" ind2=" ">
    <subfield code="e">HBZ</subfield>
    <subfield code="9">LOCAL</subfield>
    <subfield code="M">49HBZ_UBD</subfield>
  </datafield>
  <datafield tag="981" ind1=" " ind2=" ">
    <subfield code="a">(DE-290)29782</subfield>
    <subfield code="9">LOCAL</subfield>
    <subfield code="M">49HBZ_UBD</subfield>
  </datafield>
  <datafield tag="997" ind1=" " ind2=" ">
    <subfield code="a">19990727</subfield>
    <subfield code="9">LOCAL</subfield>
    <subfield code="M">49HBZ_UBD</subfield>
  </datafield>
  <datafield tag="MNG" ind1=" " ind2=" ">
    <subfield code="c">System</subfield>
    <subfield code="f">ILS</subfield>
    <subfield code="i">marc21</subfield>
    <subfield code="k">01</subfield>
    <subfield code="e">false</subfield>
    <subfield code="d">2021-04-07 12:32:13 Europe/Berlin</subfield>
    <subfield code="g">000254477-HBZ01</subfield>
    <subfield code="j">60</subfield>
    <subfield code="a">import</subfield>
    <subfield code="b">2021-04-05 18:44:38 Europe/Berlin</subfield>
  </datafield>
  <datafield tag="H52" ind1=" " ind2=" ">
    <subfield code="b">ZB</subfield>
    <subfield code="c">Freihand</subfield>
    <subfield code="8">22192624360006445</subfield>
  </datafield>
  <datafield tag="HOL" ind1=" " ind2=" ">
    <subfield code="b">2021-04-19 15:19:25</subfield>
    <subfield code="8">22192624360006445</subfield>
    <subfield code="M">49HBZ_UBD</subfield>
    <subfield code="g">false</subfield>
    <subfield code="a">import</subfield>
  </datafield>
  <datafield tag="ITM" ind1=" " ind2=" ">
    <subfield code="H">22192624360006445</subfield>
    <subfield code="x">Freihand</subfield>
    <subfield code="f">BOOK</subfield>
    <subfield code="v">Freihand</subfield>
    <subfield code="X">System</subfield>
    <subfield code="U">2021-04-19 10:59:00</subfield>
    <subfield code="Y">2021-04-19 15:19:59</subfield>
    <subfield code="h">false</subfield>
    <subfield code="n">C 32930</subfield>
    <subfield code="G">1</subfield>
    <subfield code="M">49HBZ_UBD</subfield>
    <subfield code="s">1</subfield>
    <subfield code="d">#</subfield>
    <subfield code="V">import</subfield>
    <subfield code="L">ClassificationNo: 3100 | SISIS-Magazindrucker: 0 | HBZ01: HT000290078</subfield>
    <subfield code="b">666635</subfield>
    <subfield code="O">SISIS-Ausleihz&#228;hler vorletztes Migrationsjahr: 0 | SISIS-Vormerkz&#228;hler Migrationsjahr: 0 | SISIS-vorletztes R&#252;ckgabedatum: 2017-05-23</subfield>
    <subfield code="N">Fernleihkonditionen: 0 | Sigel: 290 | Klassifikation: 3100 | Altersbegrenzung: 0 | SISIS-Ausleihz&#228;hler Migrationsjahr: 0 | SISIS-Ausleihz&#228;hler Vor-Migrationsjahr: 1</subfield>
    <subfield code="a">23192624350006445</subfield>
    <subfield code="B">Jc 78/2646</subfield>
    <subfield code="W">2021-04-19 15:19:25</subfield>
    <subfield code="u">ZB</subfield>
    <subfield code="w">ZB</subfield>
  </datafield>
</record>